%% This BibTeX bibliography file was created using BibDesk.
%% http://bibdesk.sourceforge.net/


%% Created for Maria Ferman at 2016-08-10 10:34:44 -0700 


%% Saved with string encoding Unicode (UTF-8) 





@misc{noauthor_ida_nodate,
	title = {{IDA} {Tutorials}: {Tracing}},
	url = {https://www.hex-rays.com/products/ida/support/tutorials/tracing.shtml},
	urldate = {2017-05-23},
	file = {IDA Tutorials\: Tracing:C\:\\Users\\norah\\AppData\\Roaming\\Zotero\\Zotero\\Profiles\\6o9v213e.default\\zotero\\storage\\IGJ4T9TC\\tracing.html:text/html},
	author = {https://www.hex-rays.com/products/ida/support/tutorials/tracing.shtml}
}
	

@misc{noauthor_ollydbg_nodate,
	title = {{OllyDbg} v1.10},
	url = {http://www.ollydbg.de/},
	urldate = {2017-05-23},
	file = {OllyDbg v1.10:C\:\\Users\\norah\\AppData\\Roaming\\Zotero\\Zotero\\Profiles\\6o9v213e.default\\zotero\\storage\\2FE7VWCJ\\www.ollydbg.de.html:text/html},
	author = {http://www.ollydbg.de/}
}



@misc{noauthor_qira_nodate,
	title = {qira},
	url = {http://qira.me/},
	urldate = {2017-05-23},
	file = {qira:C\:\\Users\\norah\\AppData\\Roaming\\Zotero\\Zotero\\Profiles\\6o9v213e.default\\zotero\\storage\\PB5UV5KP\\qira.me.html:text/html},
	author = {http://qira.me/}
}